../../wz_int_note/bib/wz_heavy_flavor.bib